@online{UnescoIIEP,
	author = {{UNESCO IIEP}},
	title = {Information and communication technology (ICT) in education},
	urldate = {2025-04-21},   
	url  = {https://learningportal.iiep.unesco.org/en/issue-briefs/improve-learning/information-and-communication-technology-ict-in-education},
	year = {2023}
}

@book{gagne1985conditions,
	author = {Gagn{\'e}, Robert Mills},
	title = {The Conditions of Learning and Theory of Instruction},
	edition = {Fourth edition},
	publisher = {Holt, Rinehart and Winston and The Dryden Press and Saunders College Publishing},
	address = {Orlando, FL, USA},
	year = {1985},
	isbn = {0-03-063688-4},
}

@misc{beranek2025,
	author = {Ber\'anek, Pavel},
	title  = {Výukový proces},
	howpublished = {přednáška, UJEP PŘF KI},
	year = {2025},
}

@online{eduEvokace,
	author = {Duschinská, Karolina},
	title = {Jak začít vyučovací hodinu?},  
	url  = {https://www.eduklub.cz/2023/05/02/jak-zacit-vyucovaci-hodinu/},
	year = {2023},
	urldate = {2025-04-21}, 
}

@online{eduAktivovaniVstupnichZnalosti,
	author = {Klinka, Tomáš},
	title = {Aktivování vstupních znalostí},  
	url  = {https://www.eduklub.cz/2023/10/24/aktivovani-vstupnich-znalosti/},
	year = {2023},
	urldate = {2025-04-21},
}

@online{eduStanoveniCilu,
	author = {Laufková, Veronika and Starý, Karel},
	title = {Stanovení cílů},  
	url  = {https://www.eduklub.cz/2023/07/29/stanoveni-cilu/},
	year = {2023},
	urldate = {2025-04-21},
}

@online{eduHodnoceni,
	author = {Jančařík, Antonín},
	title = {Hodnocení},  
	url  = {https://www.eduklub.cz/2023/07/24/hodnoceni/},
	year = {2023},
	urldate = {2025-04-21},
}

@online{eduKontrolniTest,
	author = {Jančařík, Antonín},
	title = {Kontrolní test},  
	url  = {https://www.eduklub.cz/2023/07/24/kontrolni-test/},
	year = {2023},
	urldate = {2025-04-21},
}

@online{eduSouhrnnyTest,
	author = {Jančařík, Antonín},
	title = {Souhrnný test},  
	url  = {https://www.eduklub.cz/2023/07/24/souhrnny-test/},
	year = {2023},
	urldate = {2025-04-21},
}

@online{eduUstniZkouseni,
	author = {Jančařík, Antonín},
	title = {Ústní zkoušení},  
	url  = {https://www.eduklub.cz/2023/07/24/ustni-zkouseni/},
	year = {2023},
	urldate = {2025-04-21},
}

@online{eduOnlineTestovani,
	author = {Jančařík, Antonín},
	title = {On-line testování},  
	url  = {https://www.eduklub.cz/2023/07/24/on-line-testovani/},
	year = {2023},
	urldate = {2025-04-21},
}

@online{eduSkupinoveTestovani,
	author = {Jančařík, Antonín},
	title = {Skupinové testování},  
	url  = {https://www.eduklub.cz/2023/07/24/skupinove-testovani/},
	year = {2023},
	urldate = {2025-04-21},
}

@online{eduObjevovani,
	author = {Bílek, Martin},
	title = {Objevování},  
	url  = {https://www.eduklub.cz/2023/07/30/objevovani/},
	year = {2023},
	urldate = {2025-04-21},
}

@online{eduPraceSeZdrojiPrikladySituacemi,
	author = {Bílek, Martin},
	title = {Práce se zdroji/příklady/situacemi},  
	url  = {https://www.eduklub.cz/2023/07/30/prace-se-zdroji-priklady-situacemi/},
	year = {2023},
	urldate = {2025-04-21},
}

@online{eduPracovniListy,
	author = {Jančařík, Antonín},
	title = {Pracovní listy jsou a budou vhodnou pomůckou při výuce},  
	url  = {https://www.eduklub.cz/2023/09/22/pracovni-listy/},
	year = {2023},
	urldate = {2025-04-21},
}

@online{eduBadani,
	author = {Bílek, Martin},
	title = {BÁDÁNÍ},  
	url  = {https://www.eduklub.cz/2023/07/30/badani/},
	year = {2023},
	urldate = {2025-04-21},
}

@online{eduExperiment,
	author = {Bílek, Martin},
	title = {EXPERIMENT},  
	url  = {https://www.eduklub.cz/2023/07/30/experiment/},
	year = {2023},
	urldate = {2025-04-21},
}

@online{eduOnlineExperiment,
	author = {Bílek, Martin},
	title = {ON-LINE EXPERIMENT},  
	url  = {https://www.eduklub.cz/2023/07/30/on-line-experiment/},
	year = {2023},
	urldate = {2025-04-21},
}

@online{eduSimulace,
	author = {Bílek, Martin},
	title = {Simulace},  
	url  = {https://www.eduklub.cz/2023/07/30/simulace/},
	year = {2023},
	urldate = {2025-04-21},
}

@online{eduPraceSeZdroji,
	author = {Jančařík, Antonín},
	title = {Práce se zdroji},  
	url  = {https://www.eduklub.cz/2023/07/30/prace-se-zdroji/},
	year = {2023},
	urldate = {2025-04-21},
}

@online{eduSberDat,
	author = {Jančařík, Antonín},
	title = {Sběr dat},  
	url  = {https://www.eduklub.cz/2023/09/05/sber-dat/},
	year = {2023},
	urldate = {2025-04-21},
}

@online{eduOnlineZdroje,
	author = {Jančařík, Antonín},
	title = {On-line zdroje},  
	url  = {https://www.eduklub.cz/2023/09/11/on-line-zdroje/},
	year = {2023},
	urldate = {2025-04-21},
}

@online{eduPraceSLiteraturou,
	author = {Jančařík, Antonín},
	title = {Práce s literaturou},  
	url  = {https://www.eduklub.cz/2023/09/18/prace-s-literaturou/},
	year = {2023},
	urldate = {2025-04-21},
}

@online{eduPocitacoveSimulace,
	author = {Jančařík, Antonín},
	title = {Počítačové simulace ve výuce},  
	url  = {https://www.eduklub.cz/2023/09/15/pocitacove-simulace-ve-vyuce/},
	year = {2023},
	urldate = {2025-04-21},
}

@online{eduProcvicovani,
	author = {Jančařík, Antonín},
	title = {Procvičování},  
	url  = {https://www.eduklub.cz/2023/07/30/procvicovani/},
	year = {2023},
	urldate = {2025-04-21},
}

@online{eduCteni,
	author = {Klinka, Tomáš},
	title = {Čtení},  
	url  = {https://www.eduklub.cz/2023/07/25/cteni/},
	year = {2023},
	urldate = {2025-04-21},
}

@online{eduPsani,
	author = {Klinka, Tomáš},
	title = {Psaní},  
	url  = {https://www.eduklub.cz/2023/07/25/psani/},
	year = {2023},
	urldate = {2025-04-21},
}

@online{eduPoslech,
	author = {Klinka, Tomáš},
	title = {Poslech},  
	url  = {https://www.eduklub.cz/2023/07/25/poslech/},
	year = {2023},
	urldate = {2025-04-21},
}

@online{eduMluveni,
	author = {Klinka, Tomáš},
	title = {Mluvení},  
	url  = {https://www.eduklub.cz/2023/07/25/mluveni/},
	year = {2023},
	urldate = {2025-04-21},
}

@online{eduInterakce,
	author = {Klinka, Tomáš},
	title = {Interakce},  
	url  = {https://www.eduklub.cz/2023/07/25/interakce/},
	year = {2023},
	urldate = {2025-04-21},
}

@online{eduProcvICT,
	author = {Jančařík, Antonín},
	title = {Procvičování s využitím ICT},  
	url  = {https://www.eduklub.cz/2023/09/25/procvicovani-s-vyuzitim-ict/},
	year = {2023},
	urldate = {2025-04-21},
}

@online{eduMediace,
	author = {Klinka, Tomáš},
	title = {Mediace jako součást výuky cizích jazyků},  
	url  = {https://www.eduklub.cz/2022/06/21/mediace-jako-soucast-vyuky-cizich-jazyku/},
	year = {2022},
	urldate = {2025-04-21},
}

@online{eduManipulativniCinnosti,
	author = {Jančařík, Antonín},
	title = {Manipulativní činnosti},  
	url  = {https://www.eduklub.cz/2023/10/17/manipulativni-cinnosti/},
	year = {2023},
	urldate = {2025-04-21},
}

@online{eduHra,
	author = {Jančařík, Antonín},
	title = {Hra},  
	url  = {https://www.eduklub.cz/2023/07/25/hra/},
	year = {2023},
	urldate = {2025-04-21},
}

@online{eduShrnuti,
	author = {Jančařík, Antonín},
	title = {Co je nezbytné pro efektivní vyučování?},  
	url  = {https://www.eduklub.cz/2023/10/11/zaverecne-shrnuti-proc-je-nezbytne-pro-efektivni-vyucovani/},
	year = {2023},
	urldate = {2025-04-21},
}

@online{eduHad,
	author = {High, Radka},
	title = {Had},  
	url  = {https://www.eduklub.cz/2023/09/27/had/},
	year = {2023},
	urldate = {2025-04-21},
}

@online{eduPropustky,
	author = {High, Radka},
	title = {Propustky},  
	url  = {https://www.eduklub.cz/2023/08/20/propustky/},
	year = {2023},
	urldate = {2025-04-21},
}

@online{eduMyslenkoveMapy,
	author = {Černá, Monika and Černý, Michal},
	title = {7 tipů, jak použít myšlenkové mapy},  
	url  = {https://clanky.rvp.cz/clanek/s/Z/13181/7-tipu-jak-pouzit-myslenkove-mapy.html},
	year = {2011},
	urldate = {2025-04-21},
}

@online{eduOtazky,
	author = {Laufková, Veronika},
	title = {Otázky},  
	url  = {https://www.eduklub.cz/2023/08/11/otazky/},
	year = {2023},
	urldate = {2025-04-21},
}

@online{eduVyklad,
	author = {High, Radka},
	title = {Výklad},  
	url  = {https://www.eduklub.cz/2023/08/20/vyklad/},
	year = {2023},
	urldate = {2025-04-21},
}

@online{eduStrukturaUciva,
	author = {Jančařík, Antonín},
	title = {Jak strukturovat učivo},  
	url  = {https://www.eduklub.cz/2023/10/05/jak-strukturovat-ucivo/},
	year = {2023},
	urldate = {2025-04-21},
}

@online{eduDualCoding,
	author = {Culatta, Richard},
	title = {Dual Coding Theory (Allan Paivio)},  
	url  = {https://www.instructionaldesign.org/theories/dual-coding/},
	year = {2018},
	urldate = {2025-04-21},
}

@online{eduEFL,
	author = {Trang Huynh Nguyen},
	title = {The Effects of using Pictures on EFL Learners’ Vocabulary Retention},  
	url  = {https://www.researchgate.net/publication/364048031_The_Effects_of_using_Pictures_on_EFL_Learners'_Vocabulary_Retention},
	year = {2022},
	urldate = {2025-04-21},
}

@online{eduVizualizace,
	author = {High, Radka},
	title = {Vizualizace: Proč je důležité vizualizovat informace?},  
	url  = {https://www.eduklub.cz/2023/08/20/vizualizace-proc-je-dulezite-vizualizovat-informace/},
	year = {2023},
	urldate = {2025-04-21},
}

@online{eduPraktickePriklady,
	author = {Jančařík, Antonín},
	title = {Praktické příklady},  
	url  = {https://www.eduklub.cz/2023/10/22/prakticke-priklady/},
	year = {2023},
	urldate = {2025-04-21},
}

@online{eduModely,
	author = {Jančařík, Antonín},
	title = {Modely},  
	url  = {https://www.eduklub.cz/2023/08/20/modely/},
	year = {2023},
	urldate = {2025-04-21},
}

@online{eduZpetnaVazba,
	author = {Laufková, Veronika},
	title = {Jak poskytovat zpětnou vazbu?},  
	url  = {https://www.eduklub.cz/2022/12/07/jak-poskytovat-zpetnou-vazbu/},
	year = {2022},
	urldate = {2025-04-21},
}

@online{eduSignal,
	author = {Laufková, Veronika},
	title = {Okamžitá zpětná vazba: signály},  
	url  = {https://www.eduklub.cz/2023/07/25/okamzita-zpetna-vazba-signaly/},
	year = {2023},
	urldate = {2025-04-21},
}

@online{eduTeplomer,
	author = {Laufková, Veronika},
	title = {Teploměr},  
	url  = {https://www.eduklub.cz/2023/07/28/teplomer/},
	year = {2023},
	urldate = {2025-04-21},
}

@online{eduSkala,
	author = {Laufková, Veronika},
	title = {Okamžitá zpětná vazba: hodnocení na škále},  
	url  = {https://www.eduklub.cz/2023/07/25/okamzita-zpetna-vazba-hodnoceni-na-skale/},
	year = {2023},
	urldate = {2025-04-21},
}

@online{eduSemafor,
	author = {Laufková, Veronika},
	title = {Semafor},  
	url  = {https://www.eduklub.cz/2023/07/28/semafor/},
	year = {2023},
	urldate = {2025-04-21},
}

@online{eduMazaciTabulky,
	author = {Laufková, Veronika},
	title = {Mazací/bílé tabulky},  
	url  = {https://www.eduklub.cz/2023/07/28/mazaci-bile-tabulky/},
	year = {2023},
	urldate = {2025-04-21},
}

@online{eduLosovatka,
	author = {Laufková, Veronika},
	title = {Losovátka/špachtličky},  
	url  = {https://www.eduklub.cz/2023/07/28/losovatka-spachtlicky/},
	year = {2023},
	urldate = {2025-04-21},
}

@online{eduThinkPairShare,
	author = {Laufková, Veronika},
	title = {Think – pair – share},  
	url  = {https://www.eduklub.cz/2023/07/28/think-pair-share/},
	year = {2023},
	urldate = {2025-04-21},
}

@online{eduBarevneKelimky,
	author = {Laufková, Veronika},
	title = {Barevné kelímky},  
	url  = {https://www.eduklub.cz/2023/07/28/barevne-kelimky/},
	year = {2023},
	urldate = {2025-04-21},
}

@online{eduNedokonceneVety,
	author = {Laufková, Veronika},
	title = {Nedokončené věty},  
	url  = {https://www.eduklub.cz/2023/07/28/nedokoncene-vety/},
	year = {2023},
	urldate = {2025-04-21},
}

@online{eduOtevreneOtazky,
	author = {Laufková, Veronika},
	title = {Kladení otevřených otázek},  
	url  = {https://www.eduklub.cz/2023/07/25/kladeni-otevrenych-otazek/},
	year = {2023},
	urldate = {2025-04-21},
}

@online{eduUcebniUloha,
	author = {Laufková, Veronika and Starý, Karel},
	title = {Učební úloha},  
	url  = {https://www.eduklub.cz/2023/07/29/ucebni-uloha/},
	year = {2023},
	urldate = {2025-04-21},
}

@online{eduKomplexniZpusobHodnoceni,
	author = {Laufková, Veronika and Starý, Karel},
	title = {Komplexní způsob hodnocení},  
	url  = {https://www.eduklub.cz/2023/07/28/komplexni-zpusob-hodnoceni/},
	year = {2023},
	urldate = {2025-04-21},
}

@online{analyzaPozadavku,
	author = {Daniel, Roman},
	title = {Analýza požadavků},  
	url  = {https://homel.vsb.cz/~dan11/aps_eko/04%20APS%20EKO%20-%20analyza%20pozadavku.pdf},
	year = {2017},
	urldate = {2025-04-21},
}

@online{softwaroveInzenyrstviSem1,
	author = {Beránek, Pavel},
	title = {Softwarové inženýrství: Seminář 1 - Proces vývoje softwaru},  
	url  = {https://github.com/pavelberanek91/UJEP/blob/main/SWI/sem1/README.md},
	year = {2023},
	urldate = {2025-04-21},
}

@online{softwaroveInzenyrstviSem3,
	author = {Beránek, Pavel},
	title = {Softwarové inženýrství: Seminář 3 - Návrh architektury softwaru},  
	url  = {https://github.com/pavelberanek91/UJEP/tree/main/SWI/sem3},
	year = {2023},
	urldate = {2025-04-21},
}

@online{testing,
	author = {IBM},
	title = {What is software testing?},  
	url  = {https://www.ibm.com/think/topics/software-testing},
	year = {2024},
	urldate = {2025-04-21},
}

@online{legmanovyZakony,
	author = {Ráček, Jaroslav},
	title = {SWE 2},  
	url  = {https://is.muni.cz/el/fi/podzim2013/PA017/um/SWE2_01_uvod.pdf},
	year = {2013},
	urldate = {2025-04-21},
}

@online{scrum,
	author = {{Scrum.org}},
	title = {What is Scrum?},  
	url  = {https://www.scrum.org/resources/what-scrum-module},
	year = {2022},
	urldate = {2025-04-21},
}

@online{git,
	author = {{git-scm.com}},
	title = {3.4 Git Branching - Branching Workflows},  
	url  = {https://git-scm.com/book/en/v2/Git-Branching-Branching-Workflows},
	urldate = {2025-04-21},
}

@online{cicd,
	author = {{GitHub, Inc.}},
	title = {What is CI/CD?},  
	url  = {https://github.com/resources/articles/devops/ci-cd},
	year = {2024},
	urldate = {2025-04-21},
}






















